@Book{statlearn,
  title = {An Introduction to Statistical Learning with Applications in R},
  auhtor = { Gareth James, Daniela Witten, Trevor Hastie and Robert Tibshirani},
  publisher = {Springer Verlag},
  address = {New York Heidelberg Dordrecht London},
  year = {2009},
  edition = {1st},
  note = {ISBN 978-1-4614-7137-0},
  url = {http://www-bcf.usc.edu/~gareth/ISL/},
}
