@Manual{R-base,
  title = {R: A Language and Environment for Statistical Computing},
  author = {{R Core Team}},
  organization = {R Foundation for Statistical Computing},
  address = {Vienna, Austria},
  year = {2016},
  url = {https://www.R-project.org/},
}
@Manual{tigerTree,
  title = {R functions for working with trees in elementary statistics},
  author = {{Homer White}},
  year = {2016},
  url = {https://homerhanumat.github.io/tigerTree},
}

